% TODO Example book, remove this
@book{weiss1998data,
  title={Data structures and problem solving using Java},
  author={Weiss, Mark Allen and Hartman, Susan},
  volume={204},
  year={1998},
  publisher={Addison-Wesley Reading}
}
% TODO Example article, remove this
@article{oetiker1995not,
  title={The not so short introduction to LATEX2$\varepsilon$},
  author={Oetiker, Tobias and Partl, Hubert and Hyna, Irene and Schlegl, Elisabeth},
  year={1995}
}